@article{WHO2016,
  author = {World Health Organization},
  title = {Global Report on Diabetes},
  year = {2016},
  note = {World Health Organization},
  url = {https://www.who.int/publications/i/item/9789241565257}
}

@book{Smith2021,
  author = {John Smith},
  title = {Understanding Diabetes: Causes and Effects},
  year = {2021},
  publisher = {Health Press}
}
